@inproceedings{DBLP:conf/cpp/ArmandFGKTW11,
  author    = {Micha{\"{e}}l Armand and
               Germain Faure and
               Benjamin Gr{\'{e}}goire and
               Chantal Keller and
               Laurent Th{\'{e}}ry and
               Benjamin Werner},
  editor    = {Jean{-}Pierre Jouannaud and
               Zhong Shao},
  title     = {A Modular Integration of {SAT/SMT} Solvers to Coq through Proof Witnesses},
  booktitle = {Certified Programs and Proofs - First International Conference, {CPP}
               2011, Kenting, Taiwan, December 7-9, 2011. Proceedings},
  series    = {Lecture Notes in Computer Science},
  volume    = {7086},
  pages     = {135--150},
  publisher = {Springer},
  year      = {2011},
  url       = {https://doi.org/10.1007/978-3-642-25379-9\_12},
  doi       = {10.1007/978-3-642-25379-9\_12},
  timestamp = {Thu, 14 Oct 2021 10:14:33 +0200},
  biburl    = {https://dblp.org/rec/conf/cpp/ArmandFGKTW11.bib},
  bibsource = {dblp computer science bibliography, https://dblp.org}
}

@inproceedings{DBLP:journals/corr/abs-2107-02353,
  author    = {Valentin Blot and
               Louise Dubois de Prisque and
               Chantal Keller and
               Pierre Vial},
  editor    = {Chantal Keller and
               Mathias Fleury},
  title     = {General Automation in Coq through Modular Transformations},
  booktitle = {Proceedings Seventh Workshop on Proof eXchange for Theorem Proving,
               PxTP 2021, Pittsburg, PA, USA, July 11, 2021},
  series    = {{EPTCS}},
  volume    = {336},
  pages     = {24--39},
  year      = {2021},
  url       = {https://doi.org/10.4204/EPTCS.336.3},
  doi       = {10.4204/EPTCS.336.3},
  timestamp = {Thu, 25 Nov 2021 17:17:09 +0100},
  biburl    = {https://dblp.org/rec/journals/corr/abs-2107-02353.bib},
  bibsource = {dblp computer science bibliography, https://dblp.org}
}

@article{DBLP:journals/corr/abs-2204-02643,
  author     = {Valentin Blot and
                Denis Cousineau and
                Enzo Crance and
                Louise Dubois de Prisque and
                Chantal Keller and
                Assia Mahboubi and
                Pierre Vial},
  title      = {Modular pre-processing for automated reasoning in dependent type theory},
  journal    = {CoRR},
  volume     = {abs/2204.02643},
  year       = {2022},
  url        = {https://doi.org/10.48550/arXiv.2204.02643},
  doi        = {10.48550/arXiv.2204.02643},
  eprinttype = {arXiv},
  eprint     = {2204.02643},
  timestamp  = {Tue, 07 Mar 2023 15:01:51 +0100},
  biburl     = {https://dblp.org/rec/journals/corr/abs-2204-02643.bib},
  bibsource  = {dblp computer science bibliography, https://dblp.org}
}

@inproceedings{DBLP:conf/cpp/Blot0CPKMV23,
  author    = {Valentin Blot and
               Denis Cousineau and
               Enzo Crance and
               Louise Dubois de Prisque and
               Chantal Keller and
               Assia Mahboubi and
               Pierre Vial},
  editor    = {Robbert Krebbers and
               Dmitriy Traytel and
               Brigitte Pientka and
               Steve Zdancewic},
  title     = {Compositional Pre-processing for Automated Reasoning in Dependent
               Type Theory},
  booktitle = {Proceedings of the 12th {ACM} {SIGPLAN} International Conference on
               Certified Programs and Proofs, {CPP} 2023, Boston, MA, USA, January
               16-17, 2023},
  pages     = {63--77},
  publisher = {{ACM}},
  year      = {2023},
  url       = {https://doi.org/10.1145/3573105.3575676},
  doi       = {10.1145/3573105.3575676},
  timestamp = {Tue, 07 Mar 2023 15:01:48 +0100},
  biburl    = {https://dblp.org/rec/conf/cpp/Blot0CPKMV23.bib},
  bibsource = {dblp computer science bibliography, https://dblp.org}
}
